@inproceedings{guo2019attention,
  title={Attention based spatial-temporal graph convolutional networks for traffic flow forecasting},
  author={Guo, Shengnan and Lin, Youfang and Feng, Ning and Song, Chao and Wan, Huaiyu},
  booktitle={Proceedings of the AAAI Conference on Artificial Intelligence},
  volume={33},
  pages={922--929},
  year={2019}
}

@article{llama3modelcard,
  title={Llama 3 Model Card},
  author={AI@Meta},
  year={2024},
  url = {https://github.com/meta-llama/llama3/blob/main/MODEL_CARD.md}
}

@article{zheng2024llamafactory,
  title={LlamaFactory: Unified Efficient Fine-Tuning of 100+ Language Models},
  author={Yaowei Zheng and Richong Zhang and Junhao Zhang and Yanhan Ye and Zheyan Luo and Yongqiang Ma},
  journal={arXiv preprint arXiv:2403.13372},
  year={2024},
  url={http://arxiv.org/abs/2403.13372}
}

@misc{wei2022finetuned,
      title={Finetuned Language Models Are Zero-Shot Learners}, 
      author={Jason Wei and Maarten Bosma and Vincent Y. Zhao and Kelvin Guu and Adams Wei Yu and Brian Lester and Nan Du and Andrew M. Dai and Quoc V. Le},
      year={2022},
      eprint={2109.01652},
      archivePrefix={arXiv},
      primaryClass={cs.CL}
}

@misc{hong2024orpo,
      title={ORPO: Monolithic Preference Optimization without Reference Model}, 
      author={Jiwoo Hong and Noah Lee and James Thorne},
      year={2024},
      eprint={2403.07691},
      archivePrefix={arXiv},
      primaryClass={cs.CL}
}

@inproceedings{kwon2023efficient,
  title={Efficient Memory Management for Large Language Model Serving with PagedAttention},
  author={Woosuk Kwon and Zhuohan Li and Siyuan Zhuang and Ying Sheng and Lianmin Zheng and Cody Hao Yu and Joseph E. Gonzalez and Hao Zhang and Ion Stoica},
  booktitle={Proceedings of the ACM SIGOPS 29th Symposium on Operating Systems Principles},
  year={2023}
}

@misc{bureau2023airline,
    title = {Airline On-Time Statistics and Delay Causes},
    author = {Bureau of Transportation Statistics},
    year = {2023},
    howpublished = {\url{https://www.transtats.bts.gov/OT_Delay/OT_DelayCause1.asp}},
    note = {[Data set]. United States Department of Transportation}
}

@misc{faa2020,
    title = {Forecast and Performance Analysis Division (APO-100)},
    author = {Federal Aviation Administration, Office of Aviation Policy and Plans},
    year = {2020},
    url={https://www.faa.gov/air_traffic/by_the_numbers}
}
